<record><leader>00000cas a2200000 a 4500</leader><controlfield tag="001">38434413</controlfield><controlfield tag="008">980213c19979999wiuwr ne      0   a0eng c</controlfield><datafield ind1=" " ind2=" " tag="010"><subfield code="a">   00212544 </subfield></datafield><datafield ind1=" " ind2=" " tag="040"><subfield code="a">WIH</subfield><subfield code="b">eng</subfield><subfield code="c">WIH</subfield><subfield code="d">NSD</subfield><subfield code="d">OCLCQ</subfield></datafield><datafield ind1=" " ind2=" " tag="012"><subfield code="l">1</subfield></datafield><datafield ind1="1" ind2=" " tag="022"><subfield code="a">1532-3331</subfield><subfield code="l">1532-3331</subfield><subfield code="2">1</subfield></datafield><datafield ind1=" " ind2=" " tag="037"><subfield code="b">Berlin Journal Newspapers, PO Box 10, 301 June St., Berlin, WI 54923</subfield></datafield><datafield ind1=" " ind2=" " tag="042"><subfield code="a">nsdp</subfield><subfield code="a">pcc</subfield></datafield><datafield ind1=" " ind2=" " tag="043"><subfield code="a">n-us-wi</subfield></datafield><datafield ind1="0" ind2=" " tag="130"><subfield code="a">Markesan regional reporter (Berlin, Wis.)</subfield></datafield><datafield ind1=" " ind2="0" tag="222"><subfield code="a">Markesan regional reporter</subfield><subfield code="b">(Berlin, Wis.)</subfield></datafield><datafield ind1="1" ind2="0" tag="245"><subfield code="a">Markesan regional reporter.</subfield></datafield><datafield ind1=" " ind2=" " tag="260"><subfield code="a">Berlin, WI :</subfield><subfield code="b">Berlin Journal Newspapers</subfield></datafield><datafield ind1=" " ind2=" " tag="300"><subfield code="a">v. :</subfield><subfield code="b">ill. ;</subfield><subfield code="c">43 cm.</subfield></datafield><datafield ind1=" " ind2=" " tag="310"><subfield code="a">Weekly</subfield></datafield><datafield ind1="1" ind2=" " tag="362"><subfield code="a">Began in 1997.</subfield></datafield><datafield ind1=" " ind2=" " tag="588"><subfield code="a">Description based on: 1997, no. 23 (June 5, 1997).</subfield></datafield><datafield ind1=" " ind2=" " tag="588"><subfield code="a">Description based on: No. 43 (Oct, 26, 2000).</subfield></datafield><datafield ind1=" " ind2=" " tag="588"><subfield code="a">Latest issue consulted: No. 43 (Oct, 26, 2000).</subfield></datafield><datafield ind1=" " ind2="0" tag="650"><subfield code="a">Markesan (Wis.)</subfield><subfield code="v">Newspapers.</subfield></datafield><datafield ind1=" " ind2=" " tag="752"><subfield code="a">United States</subfield><subfield code="b">Wisconsin</subfield><subfield code="c">Green Lake</subfield><subfield code="d">Berlin.</subfield></datafield><datafield ind1="1" ind2=" " tag="029"><subfield code="a">AU@</subfield><subfield code="b">000022033859</subfield></datafield></record>